<?xml version="1.0" encoding="UTF-8"?><record xmlns="http://www.loc.gov/MARC21/slim" xmlns:cinclude="http://apache.org/cocoon/include/1.0" xmlns:zs="http://www.loc.gov/zing/srw/">
  <leader>00588nz  a2200145n  4500</leader>
  <controlfield tag="001">nb2010027936</controlfield>
  <controlfield tag="003">DLC</controlfield>
  <controlfield tag="005">20101023075419.0</controlfield>
  <controlfield tag="008">101020n| acannaabn          |n ana      </controlfield>
  <datafield tag="010" ind1=" " ind2=" ">
    <subfield code="a">nb2010027936</subfield>
  </datafield>
  <datafield tag="035" ind1=" " ind2=" ">
    <subfield code="a">(Uk)007951519</subfield>
  </datafield>
  <datafield tag="040" ind1=" " ind2=" ">
    <subfield code="a">Uk</subfield>
    <subfield code="b">eng</subfield>
    <subfield code="c">Uk</subfield>
  </datafield>
  <datafield tag="151" ind1=" " ind2=" ">
    <subfield code="a">Chettle (England)</subfield>
  </datafield>
  <datafield tag="670" ind1=" " ind2=" ">
    <subfield code="a">The enduring village, 2008:</subfield>
    <subfield code="b">t.p. (Chettle) p. 1 (between Salisbury and Blandford)</subfield>
  </datafield>
  <datafield tag="670" ind1=" " ind2=" ">
    <subfield code="a">Wikipedia, 20 Oct. 2010:</subfield>
    <subfield code="b">Chettle page (Chettle is a hamlet in North Dorset, in southern England, situated on Cranborne Chase on the A354 road six miles north east of Blandford Forum; 50°55ʹN 2°4ʹW)</subfield>
  </datafield>
</record>